<?xml version="1.0" encoding="UTF-8"?><record xmlns="http://www.loc.gov/MARC21/slim" xmlns:cinclude="http://apache.org/cocoon/include/1.0" xmlns:zs="http://www.loc.gov/zing/srw/">
  <leader>00403cz  a2200121n  4500</leader>
  <controlfield tag="001">n 2006028260</controlfield>
  <controlfield tag="003">DLC</controlfield>
  <controlfield tag="005">20060413072325.0</controlfield>
  <controlfield tag="008">060413n| acannaabn          |n aaa      </controlfield>
  <datafield tag="010" ind1=" " ind2=" ">
    <subfield code="a">n 2006028260</subfield>
  </datafield>
  <datafield tag="040" ind1=" " ind2=" ">
    <subfield code="a">DLC</subfield>
    <subfield code="b">eng</subfield>
    <subfield code="c">DLC</subfield>
  </datafield>
  <datafield tag="100" ind1="1" ind2=" ">
    <subfield code="a">Pritchard, Christopher W.,</subfield>
    <subfield code="d">1954-</subfield>
  </datafield>
  <datafield tag="670" ind1=" " ind2=" ">
    <subfield code="a">Pritchard, Christopher W. 101 strategies for recruiting success, 2007:</subfield>
    <subfield code="b">ECIP t.p. (Christopher W. Pritchard) data view (b. 1954)</subfield>
  </datafield>
</record>